<record><leader>00000cas a22000007a 4500</leader><controlfield tag="001">27828023</controlfield><controlfield tag="008">930330d19141917scucr ne      0   a0eng d</controlfield><controlfield tag="009">14537</controlfield><datafield ind1=" " ind2=" " tag="010"><subfield code="a">sn 93067658 </subfield></datafield><datafield ind1=" " ind2=" " tag="040"><subfield code="a">SVN</subfield><subfield code="b">eng</subfield><subfield code="c">SVN</subfield><subfield code="d">OCLCQ</subfield><subfield code="d">DLC</subfield><subfield code="d">OCLCF</subfield></datafield><datafield ind1=" " ind2=" " tag="012"><subfield code="l">a</subfield></datafield><datafield ind1="0" ind2=" " tag="022"><subfield code="a">2166-9643</subfield><subfield code="2">1</subfield></datafield><datafield ind1="1" ind2=" " tag="029"><subfield code="a">AU@</subfield><subfield code="b">000020746318</subfield></datafield><datafield ind1=" " ind2=" " tag="042"><subfield code="a">msc</subfield><subfield code="a">nsdp</subfield></datafield><datafield ind1=" " ind2=" " tag="043"><subfield code="a">n-us-sc</subfield></datafield><datafield ind1="0" ind2="0" tag="050"><subfield code="a">Newspaper</subfield></datafield><datafield ind1="1" ind2="0" tag="082"><subfield code="a">071</subfield><subfield code="2">14</subfield></datafield><datafield ind1="0" ind2=" " tag="130"><subfield code="a">Anderson intelligencer (Anderson, S.C. : Semiweekly)</subfield></datafield><datafield ind1=" " ind2="4" tag="222"><subfield code="a">The Anderson intelligencer (Anderson, S.C. Semiweekly)</subfield></datafield><datafield ind1="1" ind2="4" tag="245"><subfield code="a">The Anderson intelligencer.</subfield></datafield><datafield ind1="1" ind2="6" tag="246"><subfield code="a">Anderson daily intelligencer</subfield><subfield code="f">Apr. 3-Apr. 24, 1914</subfield></datafield><datafield ind1="1" ind2=" " tag="246"><subfield code="i">Issues for Jan. 26-Feb. 2, 1915 have title:</subfield><subfield code="a">Anderson semi weekly intelligencer</subfield></datafield><datafield ind1=" " ind2=" " tag="260"><subfield code="a">Anderson, S.C. :</subfield><subfield code="b">William Banks</subfield></datafield><datafield ind1=" " ind2=" " tag="300"><subfield code="a">v.</subfield></datafield><datafield ind1=" " ind2=" " tag="310"><subfield code="a">Semiweekly</subfield></datafield><datafield ind1="1" ind2=" " tag="362"><subfield code="a">Began in 1914. Ceased in 1917?</subfield></datafield><datafield ind1=" " ind2=" " tag="500"><subfield code="a">At head of title, Apr. 28, 1914- : Semi-weekly edition of ...</subfield></datafield><datafield ind1=" " ind2=" " tag="515"><subfield code="a">Issues for Mar. 24-Mar. 27, 1914 have no vol. or no. designation. Issues for Mar. 31-Apr. 24, 1914 share numbering with: Anderson daily intelligencer. New series numbering begins with v. 1, no. 4, May 8, 1914.</subfield></datafield><datafield ind1=" " ind2=" " tag="530"><subfield code="a">Archived issues are available in digital format as part of the Library of Congress Chronicling America online collection.</subfield></datafield><datafield ind1=" " ind2=" " tag="588"><subfield code="a">Description based on: Mar. 24, 1914.</subfield></datafield><datafield ind1=" " ind2="0" tag="651"><subfield code="a">Anderson County (S.C.)</subfield><subfield code="v">Newspapers.</subfield></datafield><datafield ind1=" " ind2="7" tag="655"><subfield code="a">Newspapers.</subfield><subfield code="2">fast</subfield><subfield code="0">(OCoLC)fst01423814</subfield></datafield><datafield ind1=" " ind2="7" tag="651"><subfield code="a">South Carolina</subfield><subfield code="z">Anderson County.</subfield><subfield code="2">fast</subfield><subfield code="0">(OCoLC)fst01209417</subfield></datafield><datafield ind1=" " ind2=" " tag="752"><subfield code="a">United States</subfield><subfield code="b">South Carolina</subfield><subfield code="c">Anderson</subfield><subfield code="d">Anderson.</subfield></datafield><datafield ind1="0" ind2=" " tag="775"><subfield code="t">Anderson daily intelligencer</subfield><subfield code="w">(DLC)sn 93067669</subfield><subfield code="w">(OCoLC)27828051</subfield></datafield><datafield ind1="0" ind2=" " tag="775"><subfield code="t">Intelligencer (Anderson, S.C.)</subfield><subfield code="x">2163-6729</subfield><subfield code="w">(DLC)  2010218505</subfield><subfield code="w">(OCoLC)535564095</subfield></datafield><datafield ind1="4" ind2="1" tag="856"><subfield code="u">http://www.loc.gov/chroniclingamerica/lccn/sn93067658/issues</subfield></datafield></record>